<record><leader>00000cas a2200000 a 4500</leader><controlfield tag="001">12190752</controlfield><controlfield tag="008">850624d19631966ksuwr ne      0    0eng d</controlfield><datafield ind1=" " ind2=" " tag="010"><subfield code="a">sn 85030556 </subfield></datafield><datafield ind1=" " ind2=" " tag="040"><subfield code="a">KSH</subfield><subfield code="b">eng</subfield><subfield code="c">KSH</subfield><subfield code="d">NPT</subfield><subfield code="d">OCL</subfield><subfield code="d">OCLCQ</subfield></datafield><datafield ind1=" " ind2=" " tag="042"><subfield code="a">msc</subfield></datafield><datafield ind1="0" ind2="4" tag="245"><subfield code="a">The Thayer gazette.</subfield></datafield><datafield ind1=" " ind2=" " tag="260"><subfield code="a">Thayer, Kan. :</subfield><subfield code="b">Mrs. Norma Bowers,</subfield><subfield code="c">-1966.</subfield></datafield><datafield ind1=" " ind2=" " tag="300"><subfield code="a">v. :</subfield><subfield code="b">ill. ;</subfield><subfield code="c">43 cm.</subfield></datafield><datafield ind1=" " ind2=" " tag="310"><subfield code="a">Weekly</subfield></datafield><datafield ind1="0" ind2=" " tag="362"><subfield code="a">-v. 4, no. 48 (Dec. 15, 1966).</subfield></datafield><datafield ind1="1" ind2=" " tag="362"><subfield code="a">Began in 1963.</subfield><subfield code="z">Cf. Ayer, 1966.</subfield></datafield><datafield ind1=" " ind2=" " tag="500"><subfield code="a">Published by: Glenn Lagow, Mar. 3-July 28, 1966; Dan J. Ketcham, Aug. 4-Dec. 15, 1966.</subfield></datafield><datafield ind1=" " ind2=" " tag="588"><subfield code="a">Description based on: Vol. 2, no. 4 (Feb. 13, 1964).</subfield></datafield><datafield ind1=" " ind2=" " tag="752"><subfield code="a">United States</subfield><subfield code="b">Kansas</subfield><subfield code="c">Neosho</subfield><subfield code="d">Thayer.</subfield></datafield><datafield ind1="0" ind2="7" tag="785"><subfield code="t">Record-times (Altoona, Kan.)</subfield><subfield code="w">(DLC)sn 85032863</subfield></datafield><datafield ind1="0" ind2="7" tag="785"><subfield code="t">Gazette-times (Thayer, Kan. : 1966)</subfield><subfield code="w">(DLC)sn 85030557</subfield></datafield><datafield ind1="1" ind2=" " tag="029"><subfield code="a">AU@</subfield><subfield code="b">000020378634</subfield></datafield></record>